<record><leader>02828pam a2200577 i 4500</leader><controlfield tag="001">6799104</controlfield><controlfield tag="003">OCoLC</controlfield><controlfield tag="005">20150122093624.0</controlfield><controlfield tag="008">140812t20152015onca   b b    001 0 eng c</controlfield><datafield ind1=" " ind2=" " tag="010"><subfield code="a">  2014032324</subfield></datafield><datafield ind1=" " ind2=" " tag="016"><subfield code="a">20149039409</subfield></datafield><datafield ind1=" " ind2=" " tag="020"><subfield code="a">9780778707738 (reinforced library binding)</subfield></datafield><datafield ind1=" " ind2=" " tag="020"><subfield code="a">0778707733 (reinforced library binding)</subfield></datafield><datafield ind1=" " ind2=" " tag="020"><subfield code="a">9780778707967 (pbk.)</subfield></datafield><datafield ind1=" " ind2=" " tag="020"><subfield code="a">0778707962 (pbk.)</subfield></datafield><datafield ind1=" " ind2=" " tag="020"><subfield code="z">9781427177131 (electronic pdf)</subfield></datafield><datafield ind1=" " ind2=" " tag="020"><subfield code="z">9781427177070 (electronic html)</subfield></datafield><datafield ind1=" " ind2=" " tag="035"><subfield code="a">ocn881313316</subfield></datafield><datafield ind1=" " ind2=" " tag="040"><subfield code="a">NJQ/DLC</subfield><subfield code="b">eng</subfield><subfield code="e">rda</subfield><subfield code="c">ZQP</subfield><subfield code="d">DLC</subfield><subfield code="d">NLC</subfield><subfield code="d">YDXCP</subfield><subfield code="d">BTCTA</subfield><subfield code="d">BDX</subfield><subfield code="d">OCLCF</subfield><subfield code="d">UAB</subfield><subfield code="d">AEU</subfield></datafield><datafield ind1=" " ind2=" " tag="042"><subfield code="a">pcc</subfield></datafield><datafield ind1="0" ind2="0" tag="050"><subfield code="a">Q175.2</subfield><subfield code="b">.S529 2015</subfield></datafield><datafield ind1=" " ind2="0" tag="055"><subfield code="a">QC995.43</subfield><subfield code="b">S43 2015</subfield></datafield><datafield ind1="0" ind2="4" tag="082"><subfield code="a">507.2/1</subfield><subfield code="2">23</subfield></datafield><datafield ind1=" " ind2=" " tag="090"><subfield code="a">Q 175.2 S529 2015</subfield><subfield code="b">AEKC</subfield></datafield><datafield ind1=" " ind2=" " tag="090"><subfield code="a">Q 175.2 S529 2015</subfield><subfield code="b">AEC</subfield></datafield><datafield ind1=" " ind2=" " tag="090"><subfield code="a">Q 175.2 S529 2015</subfield><subfield code="b">AEU</subfield></datafield><datafield ind1="1" ind2=" " tag="100"><subfield code="a">Sharkawy, Azza,</subfield><subfield code="e">author.</subfield></datafield><datafield ind1="1" ind2="0" tag="245"><subfield code="a">Predict it! /</subfield><subfield code="c">Azza Sharkawy.</subfield></datafield><datafield ind1=" " ind2="1" tag="264"><subfield code="a">St. Catharines, Ontario ;</subfield><subfield code="a">New York :</subfield><subfield code="b">Crabtree Publishing Company,</subfield><subfield code="c">[2015]</subfield></datafield><datafield ind1=" " ind2="4" tag="264"><subfield code="c">&#169;2015</subfield></datafield><datafield ind1=" " ind2=" " tag="300"><subfield code="a">24 pages :</subfield><subfield code="b">color illustrations ;</subfield><subfield code="c">25 cm.</subfield></datafield><datafield ind1=" " ind2=" " tag="336"><subfield code="a">text</subfield><subfield code="b">txt</subfield><subfield code="2">rdacontent</subfield></datafield><datafield ind1=" " ind2=" " tag="337"><subfield code="a">unmediated</subfield><subfield code="b">n2rdamedia</subfield></datafield><datafield ind1=" " ind2=" " tag="338"><subfield code="a">volume</subfield><subfield code="b">nc</subfield><subfield code="2">rdacarrier</subfield></datafield><datafield ind1="1" ind2=" " tag="490"><subfield code="a">Science sleuths</subfield></datafield><datafield ind1=" " ind2=" " tag="504"><subfield code="a">Includes bibliographical references (page 23) and index.</subfield></datafield><datafield ind1="0" ind2=" " tag="505"><subfield code="a">What will happen? -- Finding patterns -- Patterns in nature -- Patterns in seasons -- Predicting the weather -- Daily weather -- Patterns over time -- Weather warnings -- Everyday predictions -- Based on facts.</subfield></datafield><datafield ind1=" " ind2=" " tag="520"><subfield code="a">"Scientists look for patterns to help them make predictions. This motivating title explores different patterns in the natural world, such as day and night and the changing seasons. Using their new knowledge, readers will act like scientists by identifying weather patterns and making predictions."--</subfield><subfield code="c">Provided by publisher.</subfield></datafield><datafield ind1="1" ind2=" " tag="521"><subfield code="a">Ages 5-8.</subfield></datafield><datafield ind1="2" ind2=" " tag="521"><subfield code="a">K to grade 3.</subfield></datafield><datafield ind1=" " ind2=" " tag="590"><subfield code="a">University of Alberta Library copy in the Canadian Children's Book Centre Depository Collection.</subfield></datafield><datafield ind1=" " ind2=" " tag="596"><subfield code="a">21 31 41</subfield></datafield><datafield ind1=" " ind2="0" tag="650"><subfield code="a">Observation (Scientific method)</subfield><subfield code="v">Juvenile literature.</subfield></datafield><datafield ind1=" " ind2="0" tag="650"><subfield code="a">Science</subfield><subfield code="x">Methodology</subfield><subfield code="v">Juvenile literature.</subfield></datafield><datafield ind1=" " ind2="0" tag="650"><subfield code="a">Weather forecasting</subfield><subfield code="v">Juvenile literature.</subfield></datafield><datafield ind1=" " ind2="0" tag="830"><subfield code="a">Science sleuths.</subfield></datafield><datafield ind1=" " ind2=" " tag="949"><subfield code="a">Q 175.2 S529 2015</subfield><subfield code="c">1</subfield><subfield code="h">UAED-CU-B</subfield><subfield code="i">0162035229465</subfield></datafield><datafield ind1=" " ind2=" " tag="926"><subfield code="a">Q 175.2 S529 2015</subfield><subfield code="w">LC</subfield><subfield code="c">1</subfield><subfield code="i">0162035229465</subfield><subfield code="d">2/10/2017</subfield><subfield code="e">2/9/2017</subfield><subfield code="l">CURRICULUM</subfield><subfield code="m">UAEDUC</subfield><subfield code="n">1</subfield><subfield code="p">$150.00</subfield><subfield code="r">Y</subfield><subfield code="s">Y</subfield><subfield code="t">BOOK</subfield><subfield code="u">2/4/2015</subfield></datafield><datafield ind1=" " ind2=" " tag="926"><subfield code="a">Q 175.2 S529 2015</subfield><subfield code="w">LC</subfield><subfield code="c">2</subfield><subfield code="i">0162034252708</subfield><subfield code="l">CCBCC</subfield><subfield code="m">UAEDUC</subfield><subfield code="p">$150.00</subfield><subfield code="r">Y</subfield><subfield code="s">Y</subfield><subfield code="t">NO_LOAN</subfield><subfield code="u">4/14/2015</subfield></datafield><datafield ind1=" " ind2=" " tag="926"><subfield code="a">Q 175.2 S529 2015</subfield><subfield code="w">LC</subfield><subfield code="c">1</subfield><subfield code="i">33333001319348</subfield><subfield code="d">12/10/2015</subfield><subfield code="e">10/26/2015</subfield><subfield code="l">CURRICULUM</subfield><subfield code="m">CONCORDIA</subfield><subfield code="n">3</subfield><subfield code="r">Y</subfield><subfield code="s">Y</subfield><subfield code="t">CURR_BOOK</subfield><subfield code="u">8/17/2015</subfield></datafield><datafield ind1=" " ind2=" " tag="926"><subfield code="a">Q 175.2 S529 2015</subfield><subfield code="w">LC</subfield><subfield code="c">1</subfield><subfield code="i">3197900630840</subfield><subfield code="l">CURRICULUM</subfield><subfield code="m">KINGS</subfield><subfield code="r">Y</subfield><subfield code="s">Y</subfield><subfield code="t">BOOK</subfield><subfield code="u">1/8/2016</subfield></datafield></record>